@article{shannon01,
	title= {Communication in the presence of noise},
	journal = {Proceedings of the IRE, 37.1},
	year = {1949},
	author= {Claude E. Shannon},
	pages= {10-21},
}
@book{marks02,
	title = {Introduction to Shannon Sampling and Interpolation Theory},
	publisher = {Springer-Verlag, New York},
	year = {1991},
	author = {Robert J. Marks},
}
@article{fornasier03,
	title = {Fallstudien der mathematischen Modellbildung},
	year = {2013},
	author = {Massimo Fornasier},
}
@article{landau04,
	title = {Sampling, Data Transmission and the Nyquist rate},
	journal = {Proceedings of the IEEE, 55.10},
	year = {1967},
	author={H.J. Landau},
	pages = {1701-1706},
}